<?xml version="1.0" encoding="utf-8"?>
<record xmlns="http://www.loc.gov/MARC21/slim" xmlns:xsi="http://www.w3.org/2001/XMLSchema-instance" xsi:schemaLocation="http://www.loc.gov/MARC21/slim http://www.loc.gov/standards/marcxml/schema/MARC21slim.xsd">
	<leader>     nam a22     Mi 4500</leader>
	<controlfield tag="001">b12313282</controlfield>
	<controlfield tag="003">UaCaAUL</controlfield>
	<controlfield tag="006">m        d        </controlfield>
	<controlfield tag="007">cr cn |||m|||a</controlfield>
	<controlfield tag="008">191001s1934    ua      ob    000 0 araod</controlfield>
	<datafield ind1=" " ind2=" " tag="040">
		<subfield code="a">ZYU</subfield>
		<subfield code="b">ara</subfield>
		<subfield code="e">rda</subfield>
		<subfield code="c">ZYU</subfield>
	</datafield>
	<datafield ind1=" " ind2="4" tag="050">
		<subfield code="a">PJ7625</subfield>
		<subfield code="b">.A4 1934</subfield>
	</datafield>
	<datafield ind1="0" ind2="0" tag="245">
		<subfield code="6">880-01</subfield>
		<subfield code="a">Aḥsan mā katabt :</subfield>
		<subfield code="b">ʻilm, fann, falsafah, ijtimāʻ /</subfield>
		<subfield code="c">bi-aqlām ṭāʼifah min khīrat al-ʻulamāʼ wa-al-udabāʼ fī al-Sharq al-ʻArbī.</subfield>
	</datafield>
	<datafield ind1=" " ind2="1" tag="264">
		<subfield code="6">880-02</subfield>
		<subfield code="a">Miṣr :</subfield>
		<subfield code="b">ʻUniyat bi-Nashrihi Idārat al-Hilāl bi-Miṣr,</subfield>
		<subfield code="c">1934.</subfield>
	</datafield>
	<datafield ind1=" " ind2=" " tag="300">
		<subfield code="a">online resource (195 pages)</subfield>
	</datafield>
	<datafield ind1=" " ind2=" " tag="336">
		<subfield code="a">text</subfield>
		<subfield code="2">rdacontent</subfield>
	</datafield>
	<datafield ind1=" " ind2=" " tag="337">
		<subfield code="a">computer</subfield>
		<subfield code="2">rdamedia</subfield>
	</datafield>
	<datafield ind1=" " ind2=" " tag="338">
		<subfield code="a">online resource</subfield>
		<subfield code="2">rdacarrier</subfield>
	</datafield>
	<datafield ind1=" " ind2=" " tag="500">
		<subfield code="a">Part of the Arabic Collections Online (ACO) project, contributed by American University in Cairo Library.</subfield>
	</datafield>
	<datafield ind1=" " ind2=" " tag="504">
		<subfield code="a">Includes bibliographical references.</subfield>
	</datafield>
	<datafield ind1=" " ind2=" " tag="533">
		<subfield code="a">Electronic reproduction.</subfield>
		<subfield code="b">New York, N.Y. :</subfield>
		<subfield code="c">New York University,</subfield>
		<subfield code="d">2019.</subfield>
		<subfield code="5">NNU</subfield>
	</datafield>
	<datafield ind1=" " ind2="0" tag="650">
		<subfield code="a">Arabic literature.</subfield>
	</datafield>
	<datafield ind1=" " ind2="7" tag="650">
		<subfield code="a">Arabic literature.</subfield>
		<subfield code="2">fast</subfield>
		<subfield code="0">(OCoLC)fst00812478</subfield>
	</datafield>
	<datafield ind1="2" ind2=" " tag="710">
		<subfield code="a">American University in Cairo.</subfield>
		<subfield code="b">Library.</subfield>
	</datafield>
	<datafield ind1="0" ind2=" " tag="730">
		<subfield code="a">Arabic Collections Online.</subfield>
	</datafield>
	<datafield ind1="0" ind2="8" tag="776">
		<subfield code="i">Print version:</subfield>
		<subfield code="t">Aḥsan mā katabt</subfield>
		<subfield code="w">(UaCaAUL)b12313282</subfield>
		<subfield code="w">(OCoLC)23512142</subfield>
	</datafield>
	<datafield ind1="4" ind2="0" tag="856">
		<subfield code="u">http://hdl.handle.net/2333.1/jsxkswx4</subfield>
	</datafield>
	<datafield ind1="0" ind2="0" tag="880">
		<subfield code="6">245-01</subfield>
		<subfield code="a">أحسن ما كتبت :</subfield>
		<subfield code="b">علم، فن، فلسفة، اجتماع /</subfield>
		<subfield code="c">بأقلام طائفة من خيرة العلماء والأدباء في الشرق العربي.</subfield>
	</datafield>
	<datafield ind1=" " ind2="1" tag="880">
		<subfield code="6">264-02</subfield>
		<subfield code="a">مصر :</subfield>
		<subfield code="b">عنيت بنشره إدارة الهلال بمصر،</subfield>
		<subfield code="c">1934.</subfield>
	</datafield>
	<datafield ind1=" " ind2=" " tag="959">
		<subfield code="a">NNU</subfield>
		<subfield code="b">WEB</subfield>
		<subfield code="c">GENI</subfield>
		<subfield code="t">0</subfield>
		<subfield code="m">Electronic access</subfield>
		<subfield code="s">01</subfield>
	</datafield>
	<datafield ind1=" " ind2=" " tag="999">
		<subfield code="i">UaCaAUL_b12313282</subfield>
		<subfield code="o">(OCoLC)ocm23512142 </subfield>
		<subfield code="s">auc_aco001003:</subfield>
	</datafield>
</record>
